@inproceedings{ji2020action,
          title={Action Genome: Actions As Compositions of Spatio-Temporal Scene Graphs},
          author={Ji, Jingwei and Krishna, Ranjay and Fei-Fei, Li and Niebles, Juan Carlos},
          booktitle={Proceedings of the IEEE/CVF Conference on Computer Vision and Pattern Recognition},
          pages={10236--10247},
          year={2020}
        }
        
@inproceedings{hudson2019gqa,
  title={Gqa: A new dataset for real-world visual reasoning and compositional question answering},
  author={Hudson, Drew A and Manning, Christopher D},
  booktitle={Proceedings of the IEEE Conference on Computer Vision and Pattern Recognition},
  pages={6700--6709},
  year={2019}
}

@inproceedings{lu2016visual,
  title={Visual relationship detection with language priors},
  author={Lu, Cewu and Krishna, Ranjay and Bernstein, Michael and Fei-Fei, Li},
  booktitle={European conference on computer vision},
  pages={852--869},
  year={2016},
  organization={Springer}
}
@article{shorten2019survey,
  title={A survey on image data augmentation for deep learning},
  author={Shorten, Connor and Khoshgoftaar, Taghi M},
  journal={Journal of Big Data},
  volume={6},
  number={1},
  pages={60},
  year={2019},
  publisher={Springer}
}
@inproceedings{vatashsky2020vqa,
  title={VQA with no questions-answers training},
  author={Vatashsky, Ben-Zion and Ullman, Shimon},
  booktitle={Proceedings of the IEEE/CVF Conference on Computer Vision and Pattern Recognition},
  pages={10376--10386},
  year={2020}
}

@inproceedings{chen2020counterfactual,
  title={Counterfactual samples synthesizing for robust visual question answering},
  author={Chen, Long and Yan, Xin and Xiao, Jun and Zhang, Hanwang and Pu, Shiliang and Zhuang, Yueting},
  booktitle={Proceedings of the IEEE/CVF Conference on Computer Vision and Pattern Recognition},
  pages={10800--10809},
  year={2020}
}

@inproceedings{lu2016hierarchical,
  title={Hierarchical question-image co-attention for visual question answering},
  author={Lu, Jiasen and Yang, Jianwei and Batra, Dhruv and Parikh, Devi},
  booktitle={Advances in neural information processing systems},
  pages={289--297},
  year={2016}
}

@article{yi2019clevrer,
  title={Clevrer: Collision events for video representation and reasoning},
  author={Yi, Kexin and Gan, Chuang and Li, Yunzhu and Kohli, Pushmeet and Wu, Jiajun and Torralba, Antonio and Tenenbaum, Joshua B},
  journal={arXiv preprint arXiv:1910.01442},
  year={2019}
}

@inproceedings{mun2017marioqa,
  title={Marioqa: Answering questions by watching gameplay videos},
  author={Mun, Jonghwan and Hongsuck Seo, Paul and Jung, Ilchae and Han, Bohyung},
  booktitle={Proceedings of the IEEE International Conference on Computer Vision},
  pages={2867--2875},
  year={2017}
}

@article{mariani2018bagan,
  title={Bagan: Data augmentation with balancing gan},
  author={Mariani, Giovanni and Scheidegger, Florian and Istrate, Roxana and Bekas, Costas and Malossi, Cristiano},
  journal={arXiv preprint arXiv:1803.09655},
  year={2018}
}


@inproceedings{hudson2019learning,
  title={Learning by abstraction: The neural state machine},
  author={Hudson, Drew and Manning, Christopher D},
  booktitle={Advances in Neural Information Processing Systems},
  pages={5903--5916},
  year={2019}
}

@article{lei2018tvqa,
  title={Tvqa: Localized, compositional video question answering},
  author={Lei, Jie and Yu, Licheng and Bansal, Mohit and Berg, Tamara L},
  journal={arXiv preprint arXiv:1809.01696},
  year={2018}
}

@inproceedings{fernando2016discriminative,
  title={Discriminative hierarchical rank pooling for activity recognition},
  author={Fernando, Basura and Anderson, Peter and Hutter, Marcus and Gould, Stephen},
  booktitle={Proceedings of the IEEE Conference on Computer Vision and Pattern Recognition},
  pages={1924--1932},
  year={2016}
}

@inproceedings{song2016multimodal,
  title={Multimodal multi-stream deep learning for egocentric activity recognition},
  author={Song, Sibo and Chandrasekhar, Vijay and Mandal, Bappaditya and Li, Liyuan and Lim, Joo-Hwee and Sateesh Babu, Giduthuri and Phyo San, Phyo and Cheung, Ngai-Man},
  booktitle={Proceedings of the IEEE conference on computer vision and pattern recognition workshops},
  pages={24--31},
  year={2016}
}

@inproceedings{keysers2019measuring,
  title={Measuring Compositional Generalization: A Comprehensive Method on Realistic Data},
  author={Keysers, Daniel and Sch{\"a}rli, Nathanael and Scales, Nathan and Buisman, Hylke and Furrer, Daniel and Kashubin, Sergii and Momchev, Nikola and Sinopalnikov, Danila and Stafiniak, Lukasz and Tihon, Tibor and others},
  booktitle={International Conference on Learning Representations},
  year={2019}
}

@inproceedings{nagarajan2020ego,
  title={EGO-TOPO: Environment Affordances from Egocentric Video},
  author={Nagarajan, Tushar and Li, Yanghao and Feichtenhofer, Christoph and Grauman, Kristen},
  booktitle={Proceedings of the IEEE/CVF Conference on Computer Vision and Pattern Recognition},
  pages={163--172},
  year={2020}
}

@inproceedings{gao2017tall,
  title={Tall: Temporal activity localization via language query},
  author={Gao, Jiyang and Sun, Chen and Yang, Zhenheng and Nevatia, Ram},
  booktitle={Proceedings of the IEEE international conference on computer vision},
  pages={5267--5275},
  year={2017}
}

@inproceedings{anne2017localizing,
  title={Localizing moments in video with natural language},
  author={Anne Hendricks, Lisa and Wang, Oliver and Shechtman, Eli and Sivic, Josef and Darrell, Trevor and Russell, Bryan},
  booktitle={Proceedings of the IEEE international conference on computer vision},
  pages={5803--5812},
  year={2017}
}

@inproceedings{zadeh2019social,
  title={Social-iq: A question answering benchmark for artificial social intelligence},
  author={Zadeh, Amir and Chan, Michael and Liang, Paul Pu and Tong, Edmund and Morency, Louis-Philippe},
  booktitle={Proceedings of the IEEE Conference on Computer Vision and Pattern Recognition},
  pages={8807--8817},
  year={2019}
}

@inproceedings{venugopalan2015sequence,
  title={Sequence to sequence-video to text},
  author={Venugopalan, Subhashini and Rohrbach, Marcus and Donahue, Jeffrey and Mooney, Raymond and Darrell, Trevor and Saenko, Kate},
  booktitle={Proceedings of the IEEE international conference on computer vision},
  pages={4534--4542},
  year={2015}
}

@inproceedings{gan2017semantic,
  title={Semantic compositional networks for visual captioning},
  author={Gan, Zhe and Gan, Chuang and He, Xiaodong and Pu, Yunchen and Tran, Kenneth and Gao, Jianfeng and Carin, Lawrence and Deng, Li},
  booktitle={Proceedings of the IEEE conference on computer vision and pattern recognition},
  pages={5630--5639},
  year={2017}
}

@inproceedings{guadarrama2013youtube2text,
  title={Youtube2text: Recognizing and describing arbitrary activities using semantic hierarchies and zero-shot recognition},
  author={Guadarrama, Sergio and Krishnamoorthy, Niveda and Malkarnenkar, Girish and Venugopalan, Subhashini and Mooney, Raymond and Darrell, Trevor and Saenko, Kate},
  booktitle={Proceedings of the IEEE international conference on computer vision},
  pages={2712--2719},
  year={2013}
}

@InProceedings{park2020visualcomet,
  author = {Park, Jae Sung and Bhagavatula, Chandra and Mottaghi, Roozbeh and Farhadi, Ali and Choi, Yejin},
  title = {VisualCOMET: Reasoning about the Dynamic Context of a Still Image},
  booktitle = {In Proceedings of the European Conference on Computer Vision (ECCV)},
  year = {2020}
}

@inproceedings{vicol2018moviegraphs,
  title={Moviegraphs: Towards understanding human-centric situations from videos},
  author={Vicol, Paul and Tapaswi, Makarand and Castrejon, Lluis and Fidler, Sanja},
  booktitle={Proceedings of the IEEE Conference on Computer Vision and Pattern Recognition},
  pages={8581--8590},
  year={2018}
}


@inproceedings{sigurdsson2016hollywood,
  title={Hollywood in homes: Crowdsourcing data collection for activity understanding},
  author={Sigurdsson, Gunnar A and Varol, G{\"u}l and Wang, Xiaolong and Farhadi, Ali and Laptev, Ivan and Gupta, Abhinav},
  booktitle={European Conference on Computer Vision},
  pages={510--526},
  year={2016},
  organization={Springer}
}
@inproceedings{johnson2017clevr,
  title={Clevr: A diagnostic dataset for compositional language and elementary visual reasoning},
  author={Johnson, Justin and Hariharan, Bharath and van der Maaten, Laurens and Fei-Fei, Li and Lawrence Zitnick, C and Girshick, Ross},
  booktitle={Proceedings of the IEEE Conference on Computer Vision and Pattern Recognition},
  pages={2901--2910},
  year={2017}
}
@inproceedings{hu2017learning,
  title={Learning to reason: End-to-end module networks for visual question answering},
  author={Hu, Ronghang and Andreas, Jacob and Rohrbach, Marcus and Darrell, Trevor and Saenko, Kate},
  booktitle={Proceedings of the IEEE International Conference on Computer Vision},
  pages={804--813},
  year={2017}
}
@inproceedings{schulz2016probing,
  title={Probing the compositionality of intuitive functions},
  author={Schulz, Eric and Tenenbaum, Josh and Duvenaud, David K and Speekenbrink, Maarten and Gershman, Samuel J},
  booktitle={Advances in neural information processing systems},
  pages={3729--3737},
  year={2016}
}
@article{tani2014self,
  title={Self-organization and compositionality in cognitive brains: A neurorobotics study},
  author={Tani, Jun},
  journal={Proceedings of the IEEE},
  volume={102},
  number={4},
  pages={586--605},
  year={2014},
  publisher={IEEE}
}

@inproceedings{maharaj2017dataset,
  title={A dataset and exploration of models for understanding video data through fill-in-the-blank question-answering},
  author={Maharaj, Tegan and Ballas, Nicolas and Rohrbach, Anna and Courville, Aaron and Pal, Christopher},
  booktitle={Proceedings of the IEEE Conference on Computer Vision and Pattern Recognition},
  pages={6884--6893},
  year={2017}
}

@inproceedings{antol2015vqa,
  title={Vqa: Visual question answering},
  author={Antol, Stanislaw and Agrawal, Aishwarya and Lu, Jiasen and Mitchell, Margaret and Batra, Dhruv and Lawrence Zitnick, C and Parikh, Devi},
  booktitle={Proceedings of the IEEE international conference on computer vision},
  pages={2425--2433},
  year={2015}
}

@inproceedings{tapaswi2016movieqa,
  title={Movieqa: Understanding stories in movies through question-answering},
  author={Tapaswi, Makarand and Zhu, Yukun and Stiefelhagen, Rainer and Torralba, Antonio and Urtasun, Raquel and Fidler, Sanja},
  booktitle={Proceedings of the IEEE conference on computer vision and pattern recognition},
  pages={4631--4640},
  year={2016}
}

@inproceedings{jang2017tgif,
  title={Tgif-qa: Toward spatio-temporal reasoning in visual question answering},
  author={Jang, Yunseok and Song, Yale and Yu, Youngjae and Kim, Youngjin and Kim, Gunhee},
  booktitle={Proceedings of the IEEE Conference on Computer Vision and Pattern Recognition},
  pages={2758--2766},
  year={2017}
}

@article{zacks2001events,
  title={Perceiving, remembering, and communicating structure in events},
  author={Zacks, J and Tversky, B and Iyer, G},
  journal={Journal of Experimental Psychology: General},
  volume={130},
  pages={201-213},
  year={2018}
}

@inproceedings{zellers2019recognition,
  title={From recognition to cognition: Visual commonsense reasoning},
  author={Zellers, Rowan and Bisk, Yonatan and Farhadi, Ali and Choi, Yejin},
  booktitle={Proceedings of the IEEE Conference on Computer Vision and Pattern Recognition},
  pages={6720--6731},
  year={2019}
}

@inproceedings{goyal2017making,
  title={Making the V in VQA matter: Elevating the role of image understanding in Visual Question Answering},
  author={Goyal, Yash and Khot, Tejas and Summers-Stay, Douglas and Batra, Dhruv and Parikh, Devi},
  booktitle={Proceedings of the IEEE Conference on Computer Vision and Pattern Recognition},
  pages={6904--6913},
  year={2017}
}

@article{krishna2017visual,
  title={Visual genome: Connecting language and vision using crowdsourced dense image annotations},
  author={Krishna, Ranjay and Zhu, Yuke and Groth, Oliver and Johnson, Justin and Hata, Kenji and Kravitz, Joshua and Chen, Stephanie and Kalantidis, Yannis and Li, Li-Jia and Shamma, David A and others},
  journal={International journal of computer vision},
  volume={123},
  number={1},
  pages={32--73},
  year={2017},
  publisher={Springer}
}

@inproceedings{zhu2016visual7w,
  title={Visual7w: Grounded question answering in images},
  author={Zhu, Yuke and Groth, Oliver and Bernstein, Michael and Fei-Fei, Li},
  booktitle={Proceedings of the IEEE conference on computer vision and pattern recognition},
  pages={4995--5004},
  year={2016}
}

@inproceedings{kim2020answering,
  title={Answering Questions about Charts and Generating Visual Explanations},
  author={Kim, Dae Hyun and Hoque, Enamul and Agrawala, Maneesh},
  booktitle={Proceedings of the 2020 CHI Conference on Human Factors in Computing Systems},
  pages={1--13},
  year={2020}
}

@article{kim2017deepstory,
  title={Deepstory: Video story qa by deep embedded memory networks},
  author={Kim, Kyung-Min and Heo, Min-Oh and Choi, Seong-Ho and Zhang, Byoung-Tak},
  journal={arXiv preprint arXiv:1707.00836},
  year={2017}
}

@inproceedings{xu2017video,
  title={Video question answering via gradually refined attention over appearance and motion},
  author={Xu, Dejing and Zhao, Zhou and Xiao, Jun and Wu, Fei and Zhang, Hanwang and He, Xiangnan and Zhuang, Yueting},
  booktitle={Proceedings of the 25th ACM international conference on Multimedia},
  pages={1645--1653},
  year={2017}
}

@article{zeng2016leveraging,
  title={Leveraging video descriptions to learn video question answering},
  author={Zeng, Kuo-Hao and Chen, Tseng-Hung and Chuang, Ching-Yao and Liao, Yuan-Hong and Niebles, Juan Carlos and Sun, Min},
  journal={arXiv preprint arXiv:1611.04021},
  year={2016}
}

@inproceedings{yu2019activitynet,
  title={Activitynet-QA: A dataset for understanding complex web videos via question answering},
  author={Yu, Zhou and Xu, Dejing and Yu, Jun and Yu, Ting and Zhao, Zhou and Zhuang, Yueting and Tao, Dacheng},
  booktitle={Proceedings of the AAAI Conference on Artificial Intelligence},
  volume={33},
  pages={9127--9134},
  year={2019}
}

@inproceedings{fan2019heterogeneous,
  title={Heterogeneous memory enhanced multimodal attention model for video question answering},
  author={Fan, Chenyou and Zhang, Xiaofan and Zhang, Shu and Wang, Wensheng and Zhang, Chi and Huang, Heng},
  booktitle={Proceedings of the IEEE Conference on Computer Vision and Pattern Recognition},
  pages={1999--2007},
  year={2019}
}

@inproceedings{lake2018generalization,
  title={Generalization without systematicity: On the compositional skills of sequence-to-sequence recurrent networks},
  author={Lake, Brenden and Baroni, Marco},
  booktitle={International Conference on Machine Learning},
  pages={2873--2882},
  year={2018}
}

@inproceedings{cheng2015break,
  title={Break it down: A comparison of macro-and microtasks},
  author={Cheng, Justin and Teevan, Jaime and Iqbal, Shamsi T and Bernstein, Michael S},
  booktitle={Proceedings of the 33rd Annual ACM Conference on Human Factors in Computing Systems},
  pages={4061--4064},
  year={2015}
}

@inproceedings{anderson2016spice,
  title={Spice: Semantic propositional image caption evaluation},
  author={Anderson, Peter and Fernando, Basura and Johnson, Mark and Gould, Stephen},
  booktitle={European Conference on Computer Vision},
  pages={382--398},
  year={2016},
  organization={Springer}
}

@inproceedings{johnson2017inferring,
  title={Inferring and executing programs for visual reasoning},
  author={Johnson, Justin and Hariharan, Bharath and Van Der Maaten, Laurens and Hoffman, Judy and Fei-Fei, Li and Lawrence Zitnick, C and Girshick, Ross},
  booktitle={Proceedings of the IEEE International Conference on Computer Vision},
  pages={2989--2998},
  year={2017}
}

@inproceedings{krishna2018referring,
  title={Referring relationships},
  author={Krishna, Ranjay and Chami, Ines and Bernstein, Michael and Fei-Fei, Li},
  booktitle={Proceedings of the IEEE Conference on Computer Vision and Pattern Recognition},
  pages={6867--6876},
  year={2018}
}

@inproceedings{johnson2018image,
  title={Image generation from scene graphs},
  author={Johnson, Justin and Gupta, Agrim and Fei-Fei, Li},
  booktitle={Proceedings of the IEEE conference on computer vision and pattern recognition},
  pages={1219--1228},
  year={2018}
}

@inproceedings{ashual2019specifying,
  title={Specifying object attributes and relations in interactive scene generation},
  author={Ashual, Oron and Wolf, Lior},
  booktitle={Proceedings of the IEEE International Conference on Computer Vision},
  pages={4561--4569},
  year={2019}
}

@inproceedings{johnson2015image,
  title={Image retrieval using scene graphs},
  author={Johnson, Justin and Krishna, Ranjay and Stark, Michael and Li, Li-Jia and Shamma, David and Bernstein, Michael and Fei-Fei, Li},
  booktitle={Proceedings of the IEEE conference on computer vision and pattern recognition},
  pages={3668--3678},
  year={2015}
}

@inproceedings{le2020hierarchical,
  title={Hierarchical Conditional Relation Networks for Video Question Answering},
  author={Le, Thao Minh and Le, Vuong and Venkatesh, Svetha and Tran, Truyen},
  booktitle={Proceedings of the IEEE/CVF Conference on Computer Vision and Pattern Recognition},
  pages={9972--9981},
  year={2020}
}

@inproceedings{li2019beyond,
  title={Beyond rnns: Positional self-attention with co-attention for video question answering},
  author={Li, Xiangpeng and Song, Jingkuan and Gao, Lianli and Liu, Xianglong and Huang, Wenbing and He, Xiangnan and Gan, Chuang},
  booktitle={Proceedings of the AAAI Conference on Artificial Intelligence},
  volume={33},
  pages={8658--8665},
  year={2019}
}

@article{zhu2017uncovering,
  title={Uncovering the temporal context for video question answering},
  author={Zhu, Linchao and Xu, Zhongwen and Yang, Yi and Hauptmann, Alexander G},
  journal={International Journal of Computer Vision},
  volume={124},
  number={3},
  pages={409--421},
  year={2017},
  publisher={Springer}
}

@inproceedings{na2017read,
  title={A read-write memory network for movie story understanding},
  author={Na, Seil and Lee, Sangho and Kim, Jisung and Kim, Gunhee},
  booktitle={Proceedings of the IEEE International Conference on Computer Vision},
  pages={677--685},
  year={2017}
}

@book{michotte2017perception,
  title={The perception of causality},
  author={Michotte, Albert},
  year={1963},
  publisher={Routledge}
}

@article{barker1951one,
  title={One boy's day; a specimen record of behavior.},
  author={Barker, Roger G and Wright, Herbert F},
  year={1951},
  publisher={Harper}
}

@article{zacks2001perceiving,
  title={Perceiving, remembering, and communicating structure in events.},
  author={Zacks, Jeffrey M and Tversky, Barbara and Iyer, Gowri},
  journal={Journal of experimental psychology: General},
  volume={130},
  number={1},
  pages={29},
  year={2001},
  publisher={American Psychological Association}
}

@article{kurby2008segmentation,
  title={Segmentation in the perception and memory of events},
  author={Kurby, Christopher A and Zacks, Jeffrey M},
  journal={Trends in cognitive sciences},
  volume={12},
  number={2},
  pages={72--79},
  year={2008},
  publisher={Elsevier}
}

@book{chomsky2002syntactic,
  title={Syntactic structures},
  author={Chomsky, Noam},
  year={2002},
  publisher={Walter de Gruyter}
}

@article{montague1970universal,
  title={Universal grammar},
  author={Montague, Richard},
  journal={Theoria},
  volume={36},
  number={3},
  pages={373--398},
  year={1970},
  publisher={Wiley Online Library}
}